@inproceedings{lee2019unconstrained,
  title={Unconstrained Road Marking Recognition with Generative Adversarial Networks},
  author={Lee, Younkwan and Lee, Juhyun and Hong, Yoojin and Ko, YeongMin and Jeon, Moongu},
  booktitle={2019 IEEE Intelligent Vehicles Symposium (IV)},
  pages={1414--1419},
  year={2019},
  organization={IEEE}
}

@inproceedings{zhu2019novel,
  title={A Novel Vehicle Open Door Safety System Based on Cyclist Detection Using Fisheye Camera and Improved Deep Convolutional Generative Adversarial Nets},
  author={Zhu, Miankuan and Han, Lei and Liang, Fujian and Xi, Chaoxing and Wu, Lei and Zhang, Zutao},
  booktitle={2019 IEEE Intelligent Vehicles Symposium (IV)},
  pages={2195--2201},
  year={2019},
  organization={IEEE}
}

@inproceedings{goodfellow2014generative,
  title={Generative adversarial nets},
  author={Goodfellow, Ian and Pouget-Abadie, Jean and Mirza, Mehdi and Xu, Bing and Warde-Farley, David and Ozair, Sherjil and Courville, Aaron and Bengio, Yoshua},
  booktitle={Advances in neural information processing systems},
  pages={2672--2680},
  year={2014}
}

@inproceedings{chen2016infogan,
  title={Infogan: Interpretable representation learning by information maximizing generative adversarial nets},
  author={Chen, Xi and Duan, Yan and Houthooft, Rein and Schulman, John and Sutskever, Ilya and Abbeel, Pieter},
  booktitle={Advances in neural information processing systems},
  pages={2172--2180},
  year={2016}
}

@article{radford2015unsupervised,
  title={Unsupervised representation learning with deep convolutional generative adversarial networks},
  author={Radford, Alec and Metz, Luke and Chintala, Soumith},
  journal={arXiv preprint arXiv:1511.06434},
  year={2015}
}

@article{gattomodeling,
  title={Modeling Deep Reinforcement Learning based Architectures for Cyber-Physical Systems},
  author={Gatto, Nicola and Kusmenko, Evgeny and Rumpe, Bernhard}
}

@article{timmermodeling,
  title={Modelling Languages for Deep Learning based Cyber- Physical Systems},
  author={Timmermans, Thomas and Kusmenko, Evgeny and Rumpe, Bernhard}
}

@inproceedings{kusmenko2018embeddedmontiarc,
  title={EmbeddedMontiArc: Textual modeling alternative to Simulink},
  author={Kusmenko, Evgeny and Ronck, Jean-Marc and Rumpe, Bernhard and von Wenckstern, Michael},
  booktitle={EXE at MODELS},
  year={2018}
}

@article{rumpe2017monticore,
  title={Monticore 5 language workbench. edition 2017},
  author={Rumpe, Bernhard and H{\"o}lldobler, Katrin},
  year={2017},
  publisher={Shaker Verlag}
}


