@Misc{ZiNi1,
    title = {Norm },
    howpublished = {\url{https://en.wikipedia.org/wiki/Norm_(mathematics)}},
}
